@book{severino,
    title={Metodologia do trabalho científico},
    author={Antônio Joaquim Severino},
    publisher={Cortez},
    edition={24st},
    year={2017}
}

@book{castro,
    author={Claudio Moura Castro},
    title={Como redigir e apresentar um trabalho científico},
    publisher={São Paulo: Pearson Prentice Hall},
    year={2011}
}

@misc{abnt,
    author={ABNT},
    title={Quem somos? ABNT - Associação Brasileira de Normas Técnicas},
    url={http://www.abnt.org.br/institucional/sobre},
    year={2021},
    note={[Online; acessado em 15-Maio-2023]}
}

@book{medeiros,
    author={João Bosco Medeiros},
    title={Redação científica: a prática de fichamentos, resumos, resenhas},
    edition={11st},
    publisher={São Paulo: Atlas},
    year={2012}
}

@article{SilvaVitoria,
    author={Marcelo Oliveira da Silva and Maria Inês Corte Vitoria},
    title={A experiência de escrita no         trabalho de conclusão de curso: Percepções de alunos de um curso superior de         tecnologia em gestão em recursos humanos},
    publisher={CAMINE: Caminhos da Educação, Franca},
    edition={6st},
    year={2014},
    issn={2175-4217}
}

@article{santos,
    author={Ivna Regina Santos},
    title={As dificuldades na construção do trabalho de conclusão de curso: Percepção de estudantes egressos do curso de ciências contábeis. 2020. 69. Trabalho de Conclusão de Curso (Graduação) - Ciências Contábeis},
    publisher={Universidade Federal da Paraíba, João Pessoa},
    year={2020}
}

@article{pucgo,
    author={PUC-GO},
    title={Coordenação de TCC. Manual para elaboração de Trabalho de Conclusão de Curso},
    publisher={Pontifícia Universidade Católica de Goiás},
    year={2022}
}