% Livros
@book{hawking1988,
  title={A Brief History of Time},
  author={Hawking, Stephen},
  year={1988},
  publisher={Bantam Dell Publishing Group}
}

@book{feynman1963,
  title={The Feynman Lectures on Physics},
  author={Feynman, Richard P and Leighton, Robert B and Sands, Matthew},
  volume={1},
  year={1963},
  publisher={Addison-Wesley}
}

@book{douglas2004,
  title={Domain-Driven Design: Tackling Complexity in the Heart of Software},
  author={Evans, Eric},
  year={2004},
  publisher={Addison-Wesley}
}

@book{knuth1997,
  title={The Art of Computer Programming},
  author={Knuth, Donald E},
  volume={1},
  year={1997},
  publisher={Addison-Wesley}
}

@book{orwell1984,
  title={Nineteen Eighty-Four},
  author={Orwell, George},
  year={1984},
  publisher={Secker and Warburg}
}

% Artigos
@article{einstein1935,
  title={Can quantum-mechanical description of physical reality be considered complete?},
  author={Einstein, Albert and Podolsky, Boris and Rosen, Nathan},
  journal={Physical review},
  volume={47},
  number={10},
  pages={777},
  year={1935},
  publisher={APS}
}

@article{shannon1948,
  title={A mathematical theory of communication},
  author={Shannon, Claude E},
  journal={The Bell System Technical Journal},
  volume={27},
  number={3},
  pages={379--423},
  year={1948}
}

% Sites
@misc{latexWiki,
  author = {Wikipedia},
  title = {LaTeX --- Wikipedia{,} The Free Encyclopedia},
  year = {2021},
  url = {https://en.wikipedia.org/wiki/LaTeX},
}

@misc{pythonOrg,
  author = {Python Software Foundation},
  title = {Python},
  year = {2021},
  url = {https://www.python.org/},
}

% Outro tipo de documento (Relatório técnico, por exemplo)
@techreport{smith1992,
  title={An example technical report},
  author={Smith, John},
  year={1992},
  institution={Tech Institution}
}
